@inproceedings{SM:Petersen:2008, 
 author = {Petersen, Kai and Feldt, Robert and Mujtaba, Shahid and Mattsson, Michael},
 title = {Systematic Mapping Studies in Software Engineering},
 booktitle = {Proceedings of the 12th International Conference on Evaluation and Assessment in Software Engineering},
 series = {EASE'08},
 year = {2008},
 location = {Italy},
 pages = {68--77},
 numpages = {10},
 url = {http://dl.acm.org/citation.cfm?id=2227115.2227123},
 acmid = {2227123},
 publisher = {British Computer Society},
 address = {Swinton, UK, UK},
 keywords = {evidence based software engineering, systematic mapping studies, systematic reviews}
}  

@article{YauY08,
  added-at = {2011-11-07T00:00:00.000+0100},
  author = {Yau, Stephen S. and Yin, Yin},
  biburl = {http://www.bibsonomy.org/bibtex/2cd64a045e862a2abb2ae7f2890079dfc/dblp},
  ee = {http://doi.ieeecomputersociety.org/10.1109/TSC.2008.14},
  interhash = {102985016db060aacc3c62b35145bfbe},
  intrahash = {cd64a045e862a2abb2ae7f2890079dfc},
  journal = {IEEE T. Services Computing},
  keywords = {dblp},
  number = 3,
  pages = {130-140},
  timestamp = {2011-11-07T00:00:00.000+0100},
  title = {A Privacy Preserving Repository for Data Integration across Data Sharing Services.},
  url = {http://dblp.uni-trier.de/db/journals/tsc/tsc1.html#YauY08},
  volume = 1,
  year = 2008
}

@inproceedings{036,
author = {Hamze, Mohamad and Mbarek, Nader and Togni, Olivier},
booktitle = {2014 IEEE Network Operations and Management Symposium (NOMS)},
doi = {10.1109/NOMS.2014.6838336},
isbn = {978-1-4799-0913-1},
keywords = {Availability,Bandwidth,CSP,Cloud computing,Computer architecture,IaaS services,NaaS services,QoS,Quality of Service,Quality of service,SLA,Security,autonomic cloud managers,autonomic cloud networking environment,cloud computing,cloud computing research communities,cloud service provider,cloud service user,contracts,quality of service,service level agreement},
month = may,
pages = {1--4},
publisher = {IEEE},
shorttitle = {Network Operations and Management Symposium (NOMS)},
title = {{Self-establishing a Service Level Agreement within autonomic cloud networking environment}},
url = {http://ieeexplore.ieee.org/lpdocs/epic03/wrapper.htm?arnumber=6838336},
year = {2014}
}

@inproceedings{075,
address = {New York, New York, USA},
author = {Correndo, Gianluca and Salvadores, Manuel and Millard, Ian and Glaser, Hugh and Shadbolt, Nigel},
booktitle = {Proceedings of the 1st International Workshop on Data Semantics - DataSem '10},
file = {::},
keywords = {RDF,SPARQL,query rewriting},
month = mar,
pages = {1},
publisher = {ACM Press},
title = {{SPARQL query rewriting for implementing data integration over linked data}},
url = {http://dl.acm.org/citation.cfm?id=1754239.1754244 http://citeseerx.ist.psu.edu/viewdoc/summary?doi=10.1.1.177.8935},
year = {2010}
}

@article{078,
author = {ElSheikh, Ghada and ElNainay, Mustafa Y. and ElShehaby, Saleh and Abougabal, Mohamed S.},
doi = {10.1016/j.aej.2013.02.007},
file = {::},
issn = {11100168},
journal = {Alexandria Engineering Journal},
keywords = {Cloud Computing,MapReduce,Service Oriented Data Integration,Web-services},
month = sep,
number = {3},
pages = {313--318},
title = {{SODIM: Service Oriented Data Integration based on MapReduce}},
url = {http://www.sciencedirect.com/science/article/pii/S111001681300029X},
volume = {52},
year = {2013}
}

@inproceedings{096,
  added-at = {2010-11-10T00:00:00.000+0100},
  author = {Tian, Yuan and Song, Biao and Park, Jimupimg and nam Huh, Eui},
  biburl = {http://www.bibsonomy.org/bibtex/2f93a4b49fe5f21adaded8708711a64eb/dblp},
  booktitle = {ICCCI (1)},
  editor = {Pan, Jeng-Shyang and Chen, Shyi-Ming and Nguyen, Ngoc Thanh},
  ee = {http://dx.doi.org/10.1007/978-3-642-16693-8_22},
  interhash = {eace9b542508de5ae73e2db569f00b6d},
  intrahash = {f93a4b49fe5f21adaded8708711a64eb},
  isbn = {978-3-642-16692-1},
  keywords = {dblp},
  pages = {195-204},
  publisher = {Springer},
  series = {Lecture Notes in Computer Science},
  timestamp = {2010-11-10T00:00:00.000+0100},
  title = {Inter-cloud Data Integration System Considering Privacy and Cost.},
  url = {http://dblp.uni-trier.de/db/conf/iccci/iccci2010-1.html#TianSPH10},
  volume = 6421,
  year = {2010}
}

@inproceedings{SonJ13,
  added-at = {2013-06-27T00:00:00.000+0200},
  author = {Son, Seokho and Jun, Sung Chan},
  biburl = {http://www.bibsonomy.org/bibtex/2bbfb1d829fe3ba0360ec2f650eb02d7c/dblp},
  booktitle = {CCGRID},
  ee = {http://doi.ieeecomputersociety.org/10.1109/CCGrid.2013.81},
  interhash = {23ed4a22b760db9ebb88e9e9a9e7bf61},
  intrahash = {bbfb1d829fe3ba0360ec2f650eb02d7c},
  isbn = {978-1-4673-6465-2},
  keywords = {dblp},
  pages = {168-171},
  publisher = {IEEE Computer Society},
  timestamp = {2013-06-27T00:00:00.000+0200},
  title = {Negotiation-Based Flexible SLA Establishment with SLA-driven Resource Allocation in Cloud Computing.},
  url = {http://dblp.uni-trier.de/db/conf/ccgrid/ccgrid2013.html#SonJ13},
  year = {2013}
}

@INPROCEEDINGS{Maity14,
AUTHOR = "Soumya Maity and Arindam Chaudhuri",
TITLE = "Optimal negotiation of SLA in federated cloud using multiobjective genetic algorithms",
BOOKTITLE = "CLOUDNET'14",
PAGES = {269-271},
YEAR = {2014}
}

@article{Wu13,
author = {LinLin Wu and Saurabh Kumar Garg and Steve Versteeg and Rajkumar Buyya},
title = {SLA-based Resource Provisioning for Hosted Software as a Service Applications in Cloud Computing Environments},
journal ={IEEE Transactions on Services Computing},
volume = {99},
number = {PrePrints},
issn = {1939-1374},
year = {2013},
pages = {1},
doi = {http://doi.ieeecomputersociety.org/10.1109/TSC.2013.49},
publisher = {IEEE Computer Society},
address = {Los Alamitos, CA, USA}
}

@article{Chen13,
author = {Linlin Wu and Saurabh Kumar Garg and Rajkumar Buyya and Chao Chen and Steve Versteeg},
title = {Automated SLA Negotiation Framework for Cloud Computing},
journal ={2014 14th IEEE/ACM International Symposium on Cluster, Cloud and Grid Computing},
volume = {0},
isbn = {978-1-4673-6465-2},
year = {2013},
pages = {235-244},
doi = {http://doi.ieeecomputersociety.org/10.1109/CCGrid.2013.64},
publisher = {IEEE Computer Society},
address = {Los Alamitos, CA, USA}
}

@INPROCEEDINGS{Nie07, 
author={Tiezheng Nie and Guangqi Wang and Derong Shen and Meifang Li and Ge Yu}, 
booktitle={Computer Software and Applications Conference, 2007. COMPSAC 2007. 31st Annual International}, 
title={SLA-based Data Integration on Database Grids}, 
year={2007}, 
month={July}, 
volume={2}, 
pages={613-618}, 
keywords={database management systems;grid computing;query processing;data integration;database grid;database resource management;distributed environment;evaluation model;matching algorithm;query model;resource description;service level agreement;Computer architecture;Costs;Distributed computing;Distributed databases;Grid computing;Quality management;Query processing;Resource management;Robustness;Web services}, 
doi={10.1109/COMPSAC.2007.190}, 
ISSN={0730-3157}
}

@INPROCEEDINGS{012,
author={Bennani, N. and Ghedira-Guegan, C. and Musicante, M.A. and Vargas-Solar, G.}, 
booktitle={2014 IEEE 7th International Conference on Cloud Computing (CLOUD)}, 
title={SLA-Guided Data Integration on Cloud Environments}, 
year={2014}, 
month={June}, 
pages={934-935}
}