@inproceedings{SM:Petersen:2008,
 author = {Petersen, Kai and Feldt, Robert and Mujtaba, Shahid and Mattsson, Michael},
 title = {Systematic Mapping Studies in Software Engineering},
 booktitle = {Proceedings of the 12th International Conference on Evaluation and Assessment in Software Engineering},
 series = {EASE'08},
 year = {2008},
 location = {Italy},
 pages = {68--77},
 numpages = {10},
 url = {http://dl.acm.org/citation.cfm?id=2227115.2227123},
 acmid = {2227123},
 publisher = {British Computer Society},
 address = {Swinton, UK, UK},
 keywords = {evidence based software engineering, systematic mapping studies, systematic reviews}
}  

@inproceedings{AlFalasi2011,
author = {{Al Falasi}, Asma and {Adel Serhani}, Mohamed},
booktitle = {2011 International Conference on Innovations in Information Technology},
doi = {10.1109/INNOVATIONS.2011.5893834},
isbn = {978-1-4577-0311-9},
keywords = {Bioinformatics,Cloud Services Composition,Concrete,Genetic Algorithm,Indexes,Internet,Monitoring,Quality of service,SLA,SLA based cloud services composition,SLA based cloud services verification,Service oriented architecture,Variable speed drives,Verification,Web services,cloud computing,program verification,real time service evaluation,service discovery,value added services},
month = apr,
pages = {287--292},
publisher = {IEEE},
shorttitle = {Innovations in Information Technology (IIT), 2011 },
title = {{A Framework for SLA-based cloud services verification and composition}},
url = {http://ieeexplore.ieee.org/lpdocs/epic03/wrapper.htm?arnumber=5893834},
year = {2011}
}

@article{Al-Ghuwairi2013,
author = {Al-Ghuwairi, Abdel-Rahman F.},
month = jan,
publisher = {New Mexico State University},
title = {{Formal modeling and dynamic verification of service level agreements in cloud computing}},
url = {http://dl.acm.org/citation.cfm?id=2575052},
year = {2013}
}

@inproceedings{Alhamad2011,
author = {Alhamad, Mohammed and Dillon, Tharam and Chang, Elizabeth},
booktitle = {2011 IEEE Ninth International Conference on Dependable, Autonomic and Secure Computing},
doi = {10.1109/DASC.2011.172},
isbn = {978-1-4673-0006-3},
keywords = {Business,Cloud computing,Communities,Computational modeling,Computer architecture,Measurement,SLA,SLA management,SOA,Trust,business,cloud computing,commerce,customers,distributed services,distributed systems,government,government agents,grid computing,service level agreement,service providers,service-oriented architecture},
month = dec,
pages = {1051--1054},
publisher = {IEEE},
shorttitle = {Dependable, Autonomic and Secure Computing (DASC),},
title = {{Service Level Agreement for Distributed Services: A Review}},
url = {http://ieeexplore.ieee.org/lpdocs/epic03/wrapper.htm?arnumber=6118864},
year = {2011}
}

@article{Alhamad2011a,
author = {Alhamad, Mohammed and Dillon, Tharam and Chang, Elizabeth},
keywords = {SLA,cloud computing,measurement},
month = oct,
pages = {469--477},
publisher = {Springer-Verlag},
title = {{A survey on SLA and performance measurement in cloud computing}},
url = {http://dl.acm.org/citation.cfm?id=2075764.2075770},
year = {2011}
}

@inproceedings{Alhamad2010,
author = {Alhamad, Mohammed and Dillon, Tharam and Chang, Elizabeth},
booktitle = {4th IEEE International Conference on Digital Ecosystems and Technologies},
doi = {10.1109/DEST.2010.5610586},
isbn = {978-1-4244-5551-5},
issn = {2150-4938},
keywords = {Availability,Cloud computing,Clouds,Contracts,Measurement,Monitoring,Negotiation,SLA,Trust management,Web services,business data processing,cloud computing,conceptual SLA framework,contracts,customer services,negotiation strategy,online contract,online service,service level agreement,service provider},
month = apr,
pages = {606--610},
publisher = {IEEE},
shorttitle = {Digital Ecosystems and Technologies (DEST), 2010 4},
title = {{Conceptual SLA framework for cloud computing}},
url = {http://ieeexplore.ieee.org/lpdocs/epic03/wrapper.htm?arnumber=5610586},
year = {2010}
}

@inproceedings{Alkandari2012,
address = {New York, New York, USA},
author = {Alkandari, Fatima and Paige, Richard F.},
booktitle = {Proceedings of the 1st International Workshop on Model-Driven Engineering for High Performance and CLoud computing - MDHPCL '12},
keywords = {cloud computing,model comparison,service level agreement},
month = oct,
pages = {1--6},
publisher = {ACM Press},
title = {{Modelling and comparing cloud computing service level agreements}},
url = {http://dl.acm.org/citation.cfm?id=2446224.2446227},
year = {2012}
}

@article{Allison2011,
author = {Allison, David S. and Capretz, Miriam A. M.},
keywords = {cloud computing,privacy,privacy as a service,quality of service},
month = aug,
pages = {64--78},
publisher = {Springer-Verlag},
title = {{Furthering the growth of cloud computing by providing privacy as a service}},
url = {http://dl.acm.org/citation.cfm?id=2035539.2035549},
year = {2011}
}