@article{10.1109/CCGrid.2013.66,
author = {Damian Serrano and Sara Bouchenak and Yousri Kouki and Thomas Ledoux and Jonathan Lejeune and Julien Sopena and Luciana Arantes and Pierre Sens},
title = {Towards QoS-Oriented SLA Guarantees for Online Cloud Services},
journal ={IEEE Int'l Sym on Cluster Computing and the Grid},
volume = {0},
isbn = {978-1-4673-6465-2},
year = {2013},
pages = {50-57},
OPTdoi = {http://doi.ieeecomputersociety.org/10.1109/CCGrid.2013.66},
publisher = {IEEE},
address = {USA},
}

@INPROCEEDINGS{6313668,
author={Papaemmanouil, O.},
booktitle={Data Engineering Workshops (ICDEW), 2012 IEEE 28th International Conference on},
title={Supporting Extensible Performance SLAs for Cloud Databases},
year={2012},
pages={123-126},
OPTkeywords={Web services;cloud computing;database management systems;quality of service;SLA management services;XCloud;ad-hoc tools;application development;application-specific QoS objectives;application-specific service-level-agreements;cloud data services;cloud databases;data management applications;large-scale enterprises;maintenance overhead;performance management;Availability;Data processing;Databases;Grammar;Measurement;Monitoring;Quality of service},
OPTdoi={10.1109/ICDEW.2012.71},}

@inproceedings{Xiong:2011:APA:2038916.2038931,
 author = {Xiong, Pengcheng and Chi, Yun and Zhu, Shenghuo and Tatemura, Junichi and Pu, Calton and Hacig\"{u}m\"{u}\c{S}, Hakan},
 title = {ActiveSLA: a profit-oriented admission control framework for database-as-a-service providers},
 booktitle = {Proceedings of the 2nd ACM Symposium on Cloud Computing},
 series = {SOCC '11},
 year = {2011},
 isbn = {978-1-4503-0976-9},
 location = {Cascais, Portugal},
 pages = {15:1--15:14},
 articleno = {15},
 numpages = {14},
 url = {http://doi.acm.org/10.1145/2038916.2038931},
 OPTdoi = {10.1145/2038916.2038931},
 OPTacmid = {2038931},
 publisher = {ACM},
 address = {USA},
 OPTkeywords = {admission control, cloud computing, database-as-a-service, machine learning},
} 

@inproceedings{Ortiz:2013:VPS:2486767.2486772,
 author = {Ortiz, Jennifer and de Almeida, Victor Teixeira and Balazinska, Magdalena},
 title = {A vision for personalized service level agreements in the cloud},
 booktitle = {Proceedings of the Second Workshop on Data Analytics in the Cloud},
 series = {DanaC '13},
 year = {2013},
 isbn = {978-1-4503-2202-7},
 location = {New York, New York},
 pages = {21--25},
 numpages = {5},
 url = {http://doi.acm.org/10.1145/2486767.2486772},
 doi = {10.1145/2486767.2486772},
 acmid = {2486772},
 publisher = {ACM},
 address = {New York, NY, USA},
} 

@INPROCEEDINGS{5547150,
author={Emeakaroha, V.C. and Brandic, I. and Maurer, M. and Dustdar, S.},
booktitle={High Performance Computing and Simulation (HPCS), 2010 International Conference on},
title={Low level Metrics to High level SLAs - LoM2HiS framework: Bridging the gap between monitored metrics and SLA parameters in cloud environments},
year={2010},
pages={48-54},
keywords={Clouds;Java;Measurement;Monitoring;Quality of service;Web services;XML;Cloud Computing;Performance evaluation;Resource monitoring;SLA enforcement;SLA management;SLA mapping},
doi={10.1109/HPCS.2010.5547150},}

@article{Dastjerdi:2012:DOA:2275356.2275360,
 author = {Dastjerdi, Amir Vahid and Tabatabaei, Sayed Gholam Hassan and Buyya, Rajkumar},
 title = {A dependency-aware ontology-based approach for deploying service level agreement monitoring services in Cloud},
 journal = {Softw. Pract. Exper.},
 issue_date = {April 2012},
 volume = {42},
 number = {4},
 month = apr,
 year = {2012},
 issn = {0038-0644},
 pages = {501--518},
 numpages = {18},
 url = {http://dx.doi.org/10.1002/spe.1104},
 doi = {10.1002/spe.1104},
 acmid = {2275360},
 publisher = {John Wiley \& Sons, Inc.},
 address = {New York, NY, USA},
 keywords = {Cloud computing, Semantic Web Service, monitoring, service level agreement},
} 

@INPROCEEDINGS{5614035,
author={Brandic, I. and Emeakaroha, V.C. and Maurer, M. and Dustdar, S. and Acs, S. and Kertesz, A. and Kecskemeti, G.},
booktitle={Computer Software and Applications Conference Workshops (COMPSACW), 2010 IEEE 34th Annual},
title={LAYSI: A Layered Approach for SLA-Violation Propagation in Self-Manageable Cloud Infrastructures},
year={2010},
pages={365-370},
keywords={Internet;contract law;fault tolerant computing;LAYSI;SLA violation propagation;autonomic computing;cloud computing;resource allocation;self manageable cloud infrastructure;service level agreement;Bandwidth;Clouds;Computer architecture;Databases;Measurement;Monitoring;Variable speed drives;Cloud Computing;SLA management;autonomic computing},
doi={10.1109/COMPSACW.2010.70},}

@INPROCEEDINGS{6274042,
author={Hale, M.L. and Gamble, R.},
booktitle={Services (SERVICES), 2012 IEEE Eighth World Congress on},
title={SecAgreement: Advancing Security Risk Calculations in Cloud Services},
year={2012},
pages={133-140},
keywords={Web services;cloud computing;contracts;cost reduction;quality of service;risk analysis;security of data;software architecture;SLA negotiation standard;SecAg enhanced WS-Agreements;SecAgreement;cloud architecture;cloud service matchmaking algorithm;cloud service providers;contractual obligations;cost reduction;efficiency maximization;internal system details;mission critical systems;policy compliance gap identification;quality of service metrics;security constraint satisfaction;security metrics;security risk calculations;service description;service level agreements;Cloud computing;Organizations;Quality of service;Security;Standards organizations;XML;audit;cloud;quality of security service;risk;security;service level agreement;web services;xml},
doi={10.1109/SERVICES.2012.31},}

@inproceedings{LunaGarcia:2012:BCS:2381913.2381932,
 author = {Luna Garcia, Jesus and Langenberg, Robert and Suri, Neeraj},
 title = {Benchmarking cloud security level agreements using quantitative policy trees},
 booktitle = {Proceedings of the 2012 ACM Workshop on Cloud computing security workshop},
 series = {CCSW '12},
 year = {2012},
 isbn = {978-1-4503-1665-1},
 location = {Raleigh, North Carolina, USA},
 pages = {103--112},
 numpages = {10},
 url = {http://doi.acm.org/10.1145/2381913.2381932},
 doi = {10.1145/2381913.2381932},
 acmid = {2381932},
 publisher = {ACM},
 address = {New York, NY, USA},
 keywords = {cloud security, security benchmarks, security level agreements, security metrics, security quantification},
}

@INPROCEEDINGS{1021238,
author={Ludwig, H. and Keller, A. and Dan, A. and King, R.},
booktitle={Advanced Issues of E-Commerce and Web-Based Information Systems, 2002. (WECWIS 2002). Proceedings. Fourth IEEE International Workshop on},
title={A service level agreement language for dynamic electronic services},
year={2002},
pages={25-32},
keywords={electronic commerce;formal languages;hypermedia markup languages;information resources;quality of service;software houses;XML-based representation;cross-organizational setting;dynamic electronic services;formal language;quality of service guarantees;service level agreement language;spontaneous electronic services;Contracts;Enterprise resource planning;Formal languages;Handicapped aids;Monitoring;Quality of service;Simple object access protocol;Standards organizations;Web and internet services;Web services},
doi={10.1109/WECWIS.2002.1021238},}

@INPROCEEDINGS{5460645,
author={de Chaves, S.A. and Westphall, C.B. and Lamin, F.R.},
booktitle={Networking and Services (ICNS), 2010 Sixth International Conference on},
title={SLA Perspective in Security Management for Cloud Computing},
year={2010},
pages={212-217},
keywords={Internet;security of data;SLA;Sec-SLAs;attack prevention;cloud computing;data protection;network management;security management;security service levels;service level agreements;service management;Cloud computing;Computer network management;Computer networks;Computerized monitoring;Conference management;Contracts;Control systems;Data security;Laboratories;Protection;cloud computing security;network and security management;security metrics;security service level agreement},
doi={10.1109/ICNS.2010.36},}

@inproceedings{CostaAMR13,
  author    = {Umberto Souza da Costa and
               Mirian Halfeld Ferrari Alves and
               Martin A. Musicante and
               Sophie Robert},
  title     = {Automatic Refinement of Service Compositions},
  booktitle = {ICWE},
  year      = {2013},
  pages     = {400-407},
  ee        = {http://dx.doi.org/10.1007/978-3-642-39200-9_33},
  crossref  = {DBLP:conf/icwe/2013},
  bibsource = {DBLP, http://dblp.uni-trier.de}
}
@proceedings{DBLP:conf/icwe/2013,
  editor    = {Florian Daniel and
               Peter Dolog and
               Qing Li},
  title     = {Web Engineering - 13th International Conference, ICWE 2013,
               Aalborg, Denmark, July 8-12, 2013. Proceedings},
  booktitle = {ICWE},
  publisher = {Springer},
  series    = {Lecture Notes in Computer Science},
  volume    = {7977},
  year      = {2013},
  isbn      = {978-3-642-39199-6},
  ee        = {http://dx.doi.org/10.1007/978-3-642-39200-9},
  bibsource = {DBLP, http://dblp.uni-trier.de}
}

@article{PH01,
  author    = {Rachel Pottinger and  Alon Y. Halevy},
  title     = {MiniCon: A scalable algorithm for answering queries using  views},
  journal   = {VLDB J.},
  volume    = {10},
  number    = {2-3},
  year      = {2001},
  pages     = {182-198},
  OPTee        = {http://dx.doi.org/10.1007/s007780100048},
  OPTbibsource = {DBLP, http://dblp.uni-trier.de}
}

@article {ZLC11,
   author = {Zhao, WenFeng and Liu, ChuanChang and Chen, JunLiang},
    title = {{Automatic composition of information-providing web services based on query rewriting}},
   journal = {Science China Information Sciences},
   publisher = {Science China Press, co-published with Springer},
   optissn = {1674-733X},
   year={2011},
   optkeyword = {Computer Science},
   pages = {1-17},
   opturl = {http://dx.doi.org/10.1007/s11432-011-4341-5},
   }
   
@article{BBM10,
  author    = {Mahmoud Barhamgi and  Djamal Benslimane and  Brahim Medjahed},
  title     = {A Query Rewriting Approach for Web Service Composition},
  journal   = {IEEE T. Services Computing},
  volume    = {3},
  number    = {3},
  year      = {2010},
  pages     = {206-222},
  optee        = {http://doi.ieeecomputersociety.org/10.1109/TSC.2010.4},
  optbibsource = {DBLP, http://dblp.uni-trier.de}
}


@incollection{Levy2000,
 author = {Levy, Alon Y.},
 chapter = {1},
 title = {{Logic-Based Techniques in Data Integration}},
 booktitle = {Logic-Based Artificial Intelligence},
 editor = {Minker, Jack},
 year = {2000},
 isbn = {0-7923-7224-7},
 pages = {575--595},
 numpages = {21},
 url = {http://dl.acm.org/citation.cfm?id=566344.566383},
 acmid = {566383},
 publisher = {Kluwer Academic Publishers},
 address = {Norwell, MA, USA},
} 

@inproceedings{HacidLRT02,
  author    = {Mohand-Said Hacid and
               Alain L{\'e}ger and
               Christophe Rey and
               Farouk Toumani},
  title     = {Dynamic discovery of e-services},
  booktitle = {BDA},
  year      = {2002},
  crossref  = {DBLP:conf/bda/2002},
  bibsource = {DBLP, http://dblp.uni-trier.de}
}
@proceedings{DBLP:conf/bda/2002,
  editor    = {Philippe Pucheral},
  title     = {18{\`e}mes Journ{\'e}es Bases de Donn{\'e}es Avanc{\'e}es,
               BDA '02, 21-25 octobre 2002, Evry, Actes (Informal Proceedings)},
  booktitle = {BDA},
  year      = {2002},
  bibsource = {DBLP, http://dblp.uni-trier.de}
}

@INPROCEEDINGS{6141307,
author={Chauhan, T. and Chaudhary, S. and Kumar, V. and Bhise, M.},
booktitle={Information and Communication Technologies (WICT), 2011 World Congress on},
title={Service level agreement parameter matching in cloud computing},
year={2011},
pages={564-570},
keywords={cloud computing;quality of service;virtual machines;SLA templates;cloud computing;cloud provider;pay-as-you-go computing resources;quality of service;service level agreement parameter matching;virtualized resources;Availability;Computational modeling;Load modeling;Middleware;Monitoring;Resource description framework;Application Requirement Model;Cloud Capability Model;Cloud Computing;Service Level Agreement},
doi={10.1109/WICT.2011.6141307},}