@inproceedings{SM:Petersen:2008,
 author = {Petersen, Kai and Feldt, Robert and Mujtaba, Shahid and Mattsson, Michael},
 title = {Systematic Mapping Studies in Software Engineering},
 booktitle = {Proceedings of the 12th International Conference on Evaluation and Assessment in Software Engineering},
 series = {EASE'08},
 year = {2008},
 location = {Italy},
 pages = {68--77},
 numpages = {10},
 url = {http://dl.acm.org/citation.cfm?id=2227115.2227123},
 acmid = {2227123},
 publisher = {British Computer Society},
 address = {Swinton, UK, UK},
 keywords = {evidence based software engineering, systematic mapping studies, systematic reviews}
}  

@inproceedings{001,
author = {{Al Falasi}, Asma and {Adel Serhani}, Mohamed},
booktitle = {2011 International Conference on Innovations in Information Technology},
doi = {10.1109/INNOVATIONS.2011.5893834},
isbn = {978-1-4577-0311-9},
keywords = {Bioinformatics,Cloud Services Composition,Concrete,Genetic Algorithm,Indexes,Internet,Monitoring,Quality of service,SLA,SLA based cloud services composition,SLA based cloud services verification,Service oriented architecture,Variable speed drives,Verification,Web services,cloud computing,program verification,real time service evaluation,service discovery,value added services},
month = apr,
pages = {287--292},
publisher = {IEEE},
shorttitle = {Innovations in Information Technology (IIT), 2011 },
title = {{A Framework for SLA-based cloud services verification and composition}},
url = {http://ieeexplore.ieee.org/lpdocs/epic03/wrapper.htm?arnumber=5893834},
year = {2011}
}

@article{002,
author = {Al-Ghuwairi, Abdel-Rahman F.},
month = jan,
publisher = {New Mexico State University},
title = {{Formal modeling and dynamic verification of service level agreements in cloud computing}},
url = {http://dl.acm.org/citation.cfm?id=2575052},
year = {2013}
}

@inproceedings{003,
author = {Alhamad, Mohammed and Dillon, Tharam and Chang, Elizabeth},
booktitle = {2011 IEEE Ninth International Conference on Dependable, Autonomic and Secure Computing},
doi = {10.1109/DASC.2011.172},
isbn = {978-1-4673-0006-3},
keywords = {Business,Cloud computing,Communities,Computational modeling,Computer architecture,Measurement,SLA,SLA management,SOA,Trust,business,cloud computing,commerce,customers,distributed services,distributed systems,government,government agents,grid computing,service level agreement,service providers,service-oriented architecture},
month = dec,
pages = {1051--1054},
publisher = {IEEE},
shorttitle = {Dependable, Autonomic and Secure Computing (DASC),},
title = {{Service Level Agreement for Distributed Services: A Review}},
url = {http://ieeexplore.ieee.org/lpdocs/epic03/wrapper.htm?arnumber=6118864},
year = {2011}
}

@article{004,
author = {Alhamad, Mohammed and Dillon, Tharam and Chang, Elizabeth},
keywords = {SLA,cloud computing,measurement},
month = oct,
pages = {469--477},
publisher = {Springer-Verlag},
title = {{A survey on SLA and performance measurement in cloud computing}},
url = {http://dl.acm.org/citation.cfm?id=2075764.2075770},
year = {2011}
}

@inproceedings{005,
author = {Alhamad, Mohammed and Dillon, Tharam and Chang, Elizabeth},
booktitle = {4th IEEE International Conference on Digital Ecosystems and Technologies},
doi = {10.1109/DEST.2010.5610586},
isbn = {978-1-4244-5551-5},
issn = {2150-4938},
keywords = {Availability,Cloud computing,Clouds,Contracts,Measurement,Monitoring,Negotiation,SLA,Trust management,Web services,business data processing,cloud computing,conceptual SLA framework,contracts,customer services,negotiation strategy,online contract,online service,service level agreement,service provider},
month = apr,
pages = {606--610},
publisher = {IEEE},
shorttitle = {Digital Ecosystems and Technologies (DEST), 2010 4},
title = {{Conceptual SLA framework for cloud computing}},
url = {http://ieeexplore.ieee.org/lpdocs/epic03/wrapper.htm?arnumber=5610586},
year = {2010}
}

@inproceedings{006,
address = {New York, New York, USA},
author = {Alkandari, Fatima and Paige, Richard F.},
booktitle = {Proceedings of the 1st International Workshop on Model-Driven Engineering for High Performance and CLoud computing - MDHPCL '12},
keywords = {cloud computing,model comparison,service level agreement},
month = oct,
pages = {1--6},
publisher = {ACM Press},
title = {{Modelling and comparing cloud computing service level agreements}},
url = {http://dl.acm.org/citation.cfm?id=2446224.2446227},
year = {2012}
}

@article{007,
author = {Allison, David S. and Capretz, Miriam A. M.},
keywords = {cloud computing,privacy,privacy as a service,quality of service},
month = aug,
pages = {64--78},
publisher = {Springer-Verlag},
title = {{Furthering the growth of cloud computing by providing privacy as a service}},
url = {http://dl.acm.org/citation.cfm?id=2035539.2035549},
year = {2011}
}

@inproceedings{008,
author = {Aubonnet, Tatiana and Simoni, Noemie},
booktitle = {2014 IEEE 13th International Symposium on Network Computing and Applications},
doi = {10.1109/NCA.2014.48},
isbn = {978-1-4799-5393-6},
keywords = {Availability,Cloud computing,Contracts,Monitoring,OpenCloudware project,Quality of service,SLA,Servers,Springoo application,cloud computing,contract description,contract management,contracts,quality of service,quality-of-service,self-control,self-control cloud services,self-control integrated service component,service component,service composition,service level agreement management,strategic decision,supply-and-demand,tactical decision},
month = aug,
pages = {282--286},
publisher = {IEEE},
shorttitle = {Network Computing and Applications (NCA), 2014 IEE},
title = {{Self-Control Cloud Services}},
url = {http://ieeexplore.ieee.org/lpdocs/epic03/wrapper.htm?arnumber=6924239 http://dl.acm.org/citation.cfm?id=2681971.2682525},
year = {2014}
}

@inproceedings{009,
author = {Ayadi, Ines and Simoni, Noemie and Aubonnet, Tatiana},
booktitle = {2013 IEEE Sixth International Conference on Cloud Computing},
doi = {10.1109/CLOUD.2013.127},
isbn = {978-0-7695-5028-2},
keywords = {Cloud Computing,Cloud computing,Conferences,SLA,SLA contract,Vapps,as-a-service,cloud SLA specifications,cloud computing,cloud management,cloud management capabilities,cloud-as-a-service,contracts,elasticity management,formal specification,high availability management,on-demand provisioning management,scalability management,service level agreement,software management,virtual applications},
month = jun,
pages = {966--967},
publisher = {IEEE},
shorttitle = {Cloud Computing (CLOUD), 2013 IEEE Sixth Internati},
title = {{SLA Approach for "Cloud as a Service"}},
url = {http://dl.acm.org/citation.cfm?id=2514940.2515092 http://ieeexplore.ieee.org/lpdocs/epic03/wrapper.htm?arnumber=6740262},
year = {2013}
}

@misc{010,
author = {Baset, Salman A.},
file = {:Users/danielaguiar/Library/Application Support/Mendeley Desktop/Downloaded/Baset - Unknown - Cloud SLAs Present and Future.pdf:pdf},
title = {{Cloud SLAs: Present and Future}},
url = {http://citeseerx.ist.psu.edu/viewdoc/summary?doi=10.1.1.295.9965}
}

@article{011,
author = {Karin Bernsmed and Martin Gilje Jaatun and Per Hakon Meland and Astrid Undheim},
title = {Security SLAs for Federated Cloud Services},
journal ={2012 Seventh International Conference on Availability, Reliability and Security},
volume = {0},
isbn = {978-0-7695-4485-4},
year = {2011},
pages = {202-209},
doi = {http://doi.ieeecomputersociety.org/10.1109/ARES.2011.34},
publisher = {IEEE Computer Society},
address = {Los Alamitos, CA, USA}
}

